Automatically generated by Mendeley Desktop 1.13.4
Any changes to this file will be lost if it is regenerated by Mendeley.

BibTeX export options can be customized via Preferences -> BibTeX in Mendeley Desktop

@article{Madigan2006,
author = {Madigan, M. T. and Martinko, J. M. and Dunlap, P. V. and Clark, D. P.},
file = {:Users/Masha/Documents/Brock/unit1.pdf:pdf},
journal = {Brock Biology of Microorganisms},
pages = {11--12},
title = {{UNIT1: Microorganisms and Microbiology}},
year = {2006}
}
@article{Madigan2012,
author = {Madigan, Michael T and Martinko, John and Stahl, David},
file = {:Users/Masha/Documents/Brock/unit2.pdf:pdf},
journal = {Brock Biology of Microorganisms},
pages = {113--144},
title = {{UNIT2: Nutrition, Culture, and Metabolism of Microorganisms}},
year = {2012}
}
@article{Julius1991,
author = {Julius, David},
file = {:Users/Masha/Documents/Brock/unit3.pdf:pdf},
title = {{UNIT3: Molecular Biology of Bacteria}},
year = {1991}
}
@article{Madigan2012a,
author = {Madigan, Michael T and Martinko, John M and Dunlap, Paul V and Clark, David P},
file = {:Users/Masha/Documents/Brock/unit4.pdf:pdf},
journal = {Brock Biology of Microorganisms (13th Edition)},
pages = {236--262},
title = {{UNIT4: Viruses and Virology}},
year = {2012}
}
